@misc{JavaStyle,
	Author = {{Geotechnical Software Services}},
	Howpublished = {\url{http://geosoft.no/development/javastyle.html}},
	Note = {Accessed 19/03/2016},
	Title = {Java Programming Style Guidelines Version 7.0},
	Year = {April 2015}}

@misc{CStyle,
	Author = {{OpenBSD}},
	Howpublished = {\url{http://www.openbsd.org/cgi-bin/man.cgi/OpenBSD-current/man9/style.9}},
	Note = {Accessed 19/03/2016},
	Title = {Kernel source file style guide},
	Year = {October 2015}}

@misc{TICompilers,
	Author = {{Texas Instruments}},
	Howpublished = {\url{http://www.ti.com/lsds/ti/tools-software/compilers.page}},
	Note = {Accessed 19/03/2016},
	Title = {Optimizing C/C++ compilers for microcontroller, processor, and wireless connectivity platforms},
	Year = {2016}}

@misc{RTOSorBM,
	Author = {Texas Jacob Beningo},
	Howpublished =  {\url{http://www.edn.com/electronics-blogs/embedded-basics/4441028/RTOS-or-bare-metal---five-decisive-factors}},
	Note = {Accessed 19/03/2016},
	Title = {RTOS or bare metal - five decisive factors},
	Year = {December 2015}}